% This is reference file

%Review Survey papers
@article{sreenu2019intelligent,
  title={Intelligent video surveillance: a review through deep learning techniques for crowd analysis},
  author={Sreenu, G and Durai, MA Saleem},
  journal={Journal of Big Data},
  volume={6},
  number={1},
  pages={48},
  year={2019},
  publisher={Springer}
}

%Counting the crowd
@article{tripathi2019convolutional,
  title={Convolutional neural networks for crowd behaviour analysis: a survey},
  author={Tripathi, Gaurav and Singh, Kuldeep and Vishwakarma, Dinesh Kumar},
  journal={The Visual Computer},
  volume={35},
  number={5},
  pages={753--776},
  year={2019},
  publisher={Springer}
}

@INPROCEEDINGS{8462345,
  author={D. {Bhowmik} and A. {Wallace}},
  booktitle={2018 IEEE International Conference on Acoustics, Speech and Signal Processing (ICASSP)}, 
  title={Statistical T+2d Subband Modelling for Crowd Counting}, 
  year={2018},
  volume={},
  number={},
  pages={1533-1537},}
  
  @inproceedings{idrees2013multi,
  title={Multi-source multi-scale counting in extremely dense crowd images},
  author={Idrees, Haroon and Saleemi, Imran and Seibert, Cody and Shah, Mubarak},
  booktitle={Proceedings of the IEEE conference on computer vision and pattern recognition},
  pages={2547--2554},
  year={2013}
}


%Types of crowd based on density.
@article{moore2011visual,
  title={Visual crowd surveillance through a hydrodynamics lens},
  author={Moore, Brian E and Ali, Saad and Mehran, Ramin and Shah, Mubarak},
  journal={Communications of the ACM},
  volume={54},
  number={12},
  pages={64--73},
  year={2011},
  publisher={ACM New York, NY, USA}
}

%Detecting the motion in the frame

@inproceedings{santoro2010crowd,
  title={Crowd analysis by using optical flow and density based clustering},
  author={Santoro, Francesco and Pedro, Sergio and Tan, Zheng-Hua and Moeslund, Thomas B},
  booktitle={2010 18th European Signal Processing Conference},
  pages={269--273},
  year={2010},
  organization={IEEE}
}

@article{rosandic2019crowd,
  title={Crowd Analysis by Using Optical Flow and Density Based Clustering},
  author={Rosandi{\'c}, Nika and Petrovi{\'c}, Tvrtko and Tu{\v{s}}ek, Robert and Ku{\v{c}}i{\v{s}}, Zvonimir and {\v{S}}truklec, Alen and Liashuha, Mykola and Alatas, Aydin},
  year={2019}
}

@ARTICLE{9078065,
  author={C. {Direkoglu}},
  journal={IEEE Access}, 
  title={Abnormal Crowd Behavior Detection Using Motion Information Images and Convolutional Neural Networks}, 
  year={2020},
  volume={8},
  number={},
  pages={80408-80416},}


%Types of crowd motion.
@article{wei2020very,
  title={A very deep two-stream network for crowd type recognition},
  author={Wei, Xinlei and Du, Junping and Xue, Zhe and Liang, Meiyu and Geng, Yue and Xu, Xin and Lee, JangMyung},
  journal={Neurocomputing},
  volume={396},
  pages={522--533},
  year={2020},
  publisher={Elsevier}
}

@article{solmaz2012identifying,
  title={Identifying behaviors in crowd scenes using stability analysis for dynamical systems},
  author={Solmaz, Berkan and Moore, Brian E and Shah, Mubarak},
  journal={IEEE transactions on pattern analysis and machine intelligence},
  volume={34},
  number={10},
  pages={2064--2070},
  year={2012},
  publisher={IEEE}
}

%Optical Flow  corner detection
  @inproceedings{galvin1998recovering,
  title={Recovering Motion Fields: An Evaluation of Eight Optical Flow Algorithms.},
  author={Galvin, Ben and McCane, Brendan and Novins, Kevin and Mason, David and Mills, Steven and others},
  booktitle={BMVC},
  volume={98},
  pages={195--204},
  year={1998}
}

%used for fast corner detection and clustering
@ARTICLE{4629878,
  author={A. M. {Cheriyadat} and R. J. {Radke}},
  journal={IEEE Journal of Selected Topics in Signal Processing}, 
  title={Detecting Dominant Motions in Dense Crowds}, 
  year={2008},
  volume={2},
  number={4},
  pages={568-581},}

